@INPROCEEDINGS{DBLP:conf/iccps/MitschLP12,
  author    = {Stefan Mitsch and
               Sarah M. Loos and
               Andr{\'e} Platzer},
  title     = {Towards formal verification of freeway
               traffic control},
  booktitle = {ICCPS},
  longbooktitle = {ACM/IEEE Third International Conference
               on Cyber-Physical Systems, Beijing, China,
               April 17-19},
  year      = {2012},
  pages     = {171-180},
  publisher = {IEEE},
  isbn      = {978-0-7695-4695-7},
  doi       = {10.1109/ICCPS.2012.25},
  editor    = {Chenyang Lu},
}

@INPROCEEDINGS{DBLP:conf/fm/LoosPN11,
  author    = {Sarah M. Loos and
               Andr{\'e} Platzer and
               Ligia Nistor},
  title     = {Adaptive Cruise Control:
               Hybrid, Distributed, and Now Formally
               Verified},
  booktitle = {FM},
  year      = {2011},
  pages     = {42-56},
  doi       = {10.1007/978-3-642-21437-0_6},
  editor    = {Michael Butler and
               Wolfram Schulte},
  longbooktitle = {FM 2011: Formal Methods, 17th
               International Symposium on Formal Methods,
               Limerick, Ireland, June 20-24, 2011,
               Proceedings},
  publisher = {Springer},
  series    = {LNCS},
  volume    = {6664},
  keywords  = {distributed car control,
               multi-agent systems, highway traffic safety,
               formal verification, distributed hybrid
               systems, adaptive cruise control},
}

@INPROCEEDINGS{DBLP:conf/itsc/LoosWSP13,
  author    = {Sarah M. Loos and
               David Witmer and
               Peter Steenkiste and
               Andr{\'e} Platzer},
  title     = {Efficiency Analysis of Formally
               Verified Adaptive Cruise Controllers},
  booktitle = {ITSC},
  longbooktitle = {Intelligent Transportation Systems
              (ITSC), 16th International IEEE
              Conference on, October 6-9, The
              Hague, Netherlands, Proceedings},
  year      = {2013},
  pages     = {1565-1570},
  doi       = {10.1109/ITSC.2013.6728453},
  editor    = {Andreas Hegyi and
               Bart De Schutter},
  isbn      = {978-1-4799-2914-613},
  keywords  = {Traffic theory for ITS, Network
               modeling, Driver assistance systems,
               V2V wireless communication,
               Hybrid systems, Formal verification},
}

@INPROCEEDINGS{DBLP:conf/itsc/MullerMP15,
  author    = {Andreas M{\"u}ller and
               Stefan Mitsch and
               Andr{\'e} Platzer},
  title     = {Verified Traffic Networks: Component-Based
               Verification of Cyber-Physical Flow Systems}, 
  booktitle = {ITSC},
  longbooktitle={Intelligent Transportation Systems (ITSC),
               2015 IEEE 18th International Conference on},
  year      = {2015},
  pages     = {757-764},
  doi       = {10.1109/ITSC.2015.128},
  keywords  = {Automobiles, Contracts, Load modeling, Mathematical model, Roads, Safety},
}

@INPROCEEDINGS{DBLP:conf/itsc/LoosP11,
  author    = {Sarah M. Loos and
               Andr{\'e} Platzer},
  title     = {Safe Intersections: At the Crossing of
               Hybrid Systems and Verification},
  booktitle = {ITSC},
  longbooktitle = {Intelligent Transportation Systems
               (ITSC), 14th International IEEE Conference
               on, October 5-7, Washington, DC, USA,
               Proceedings},
  year      = {2011},
  pages     = {1181-1186},
  doi       = {10.1109/ITSC.2011.6083138},
  keywords  = {},
  editor    = {Kyongsu Yi},
}

@ARTICLE{DBLP:journals/tocl/Platzer17,
  author    = {Andr{\'e} Platzer},
  title     = {Differential Hybrid Games},
  journal   = {{ACM} Trans. Comput. Log.},
  volume    = {18},
  number    = {3},
  year      = {2017},
  pages     = {19:1-19:44},
  doi       = {10.1145/3091123},
  issn      = {1529-3785},
}

@TECHREPORT{Platzer13:dGL,
  author    = {Andr{\'e} Platzer},
  title     = {A Complete Axiomatization for Differential
               Game Logic for Hybrid Games},
  number    = {CMU-CS-13-100R},
  year      = {2013},
  month     = {January},
  institution = {School of Computer Science,
               Carnegie Mellon University},
  address   = {Pittsburgh, PA},
  note      = {Extended in revised version from July 2013},
  pdf = {http://reports-archive.adm.cs.cmu.edu/anon/2013/CMU-CS-13-100R.pdf}
}

