@article{smith1979existence,
  title={The existence, uniqueness and stability of traffic equilibria},
  author={Smith, Mt J},
  journal={Transportation Research Part B: Methodological},
  volume={13},
  number={4},
  pages={295--304},
  year={1979},
  publisher={Elsevier}
}

@article{dafermos1980traffic,
  title={Traffic equilibrium and variational inequalities},
  author={Dafermos, Stella},
  journal={Transportation science},
  volume={14},
  number={1},
  pages={42--54},
  year={1980},
  publisher={INFORMS}
}

@incollection{nagurney2009netecon,
  booktitle={Handbook of Computational Econometrics},
  title={Network Economics},
  author={Nagurney, Anna},
  editor={Belsley, David A and Kontoghiorghes, Erricos},
  year={2009},
  publisher={John Wiley \& Sons},
  pages={429-486},
}

@inproceedings{wardrop1952some,
  title={Some theoretical aspects of road traffic research},
  author={Wardrop, John Glen},
  pages={325-378},
  booktitle={Inst Civil Engineers Proc London/UK/},
  year={1952}
}

@article{sheffi1983optimal,
  title={Optimal signal settings over transportation networks},
  author={Sheffi, Yosef and Powell, Warren B},
  journal={Journal of Transportation Engineering},
  volume={109},
  number={6},
  pages={824--839},
  year={1983},
  publisher={American Society of Civil Engineers}
}

@book{luo1996mathematical,
  title={Mathematical programs with equilibrium constraints},
  author={Luo, Zhi Quan and Pang, Jong Shi and Ralph, Daniel},
  year={1996},
  publisher={Cambridge University Press}
}

@article{josefsson2007sensitivity,
  title={Sensitivity analysis of separable traffic equilibrium equilibria with application to bilevel optimization in network design},
  author={Josefsson, Magnus and Patriksson, Michael},
  journal={Transportation Research Part B: Methodological},
  volume={41},
  number={1},
  pages={4--31},
  year={2007},
  publisher={Elsevier}
}

@book{mahmassani1993network,
  title={Network performance under system optimal and user equilibrium dynamic assignments: implications for ATIS},
  author={Mahmassani, Hani S and Peeta, Srinivas},
  year={1993},
  publisher={Transportation Research Board}
}

@article{frank1981braess,
  title={The braess paradox},
  author={Frank, Marguerite},
  journal={Mathematical Programming},
  volume={20},
  number={1},
  pages={283--302},
  year={1981},
  publisher={Springer}
}

@book{konnov2007equilibrium,
  title={Equilibrium models and variational inequalities},
  author={Konnov, Igor},
  volume={210},
  year={2007},
  publisher={Elsevier}
}

@article{nagurney1997projected,
  title={Projected dynamical systems in the formulation, stability analysis, and computation of fixed-demand traffic network equilibria},
  author={Nagurney, Anna and Zhang, Ding},
  journal={Transportation Science},
  volume={31},
  number={2},
  pages={147--158},
  year={1997},
  publisher={INFORMS}
}

@book{bardi2008optimal,
  title={Optimal control and viscosity solutions of Hamilton-Jacobi-Bellman equations},
  author={Bardi, Martino and Capuzzo-Dolcetta, Italo},
  year={2008},
  publisher={Springer Science \& Business Media}
}

@article{Murchland1970,
author = {Murchland, John D.},
doi = {10.1016/0041-1647(70)90196-6},
journal = {Transportation Research},
number = {4},
pages = {391--394},
title = {{Braess's Paradox of Traffic Flow}},
volume = {4},
year = {1970}
}

@article{DalForno2013,
author = {{Dal Forno}, Arianna and Merlone, Ugo},
doi = {10.1016/j.matcom.2012.12.001},
journal = {Mathematics and Computers in Simulation},
pages = {1--18},
publisher = {International Association for Mathematics and Computers in Simulation (IMACS)},
title = {{Border-collision bifurcations in a model of Braess paradox}},
volume = {87},
year = {2013}
}
